
@article{Classen,
  title = {Electrons and cavitation in liquid helium},
  author = {Classen, J. and Su, C.-K. and Mohazzab, M. and Maris, H. J.},
  journal = {Phys. Rev. B},
  volume = {57},
  issue = {5},
  pages = {3000--3010},
  numpages = {0},
  year = {1998},
  month = {Feb},
  publisher = {American Physical Society},
  doi = {10.1103/PhysRevB.57.3000},
  url = {https://link.aps.org/doi/10.1103/PhysRevB.57.3000}
}


@Article{Wei2016,
author="Wei, Wanchun
and Xie, Zhuolin
and Cooper, Leon N.
and Maris, Humphrey J.",
title="Exotic Ions in Superfluid Helium",
journal="Journal of Low Temperature Physics",
year="2016",
month="Nov",
day="01",
volume="185",
number="3",
pages="313--323",
abstract="Exotic ions are negatively charged objects which have been detected in superfluid helium-4 at temperatures in the vicinity of 1 K. Mobility experiments in several different labs have revealed the existence of at least 18 such objects. These ions have a higher mobility than the normal negative ion and appear to be singly charged and smaller. We summarize the experimental situation, the possible structure of these objects, and how these objects might be formed.",
issn="1573-7357",
doi="10.1007/s10909-016-1599-4",
url="https://doi.org/10.1007/s10909-016-1599-4"
}


@article{PhysRevA.2.550.3,
  title = {Velocity of Sound Density, and Gruneisen Constant in Liquid $^{4}\mathrm{He}$},
  author = {Abraham, B. M. and Eckstein, Y. and Ketterson, J. B. and Kuchnir, M. and       Roach, P. R.},
  journal = {Phys. Rev. A},
  volume = {2},
  issue = {2},
  pages = {550--550},
  numpages = {0},
  year = {1970},
  month = {Aug},
  publisher = {American Physical Society},
  doi = {10.1103/PhysRevA.2.550.3},
  url = {https://link.aps.org/doi/10.1103/PhysRevA.2.550.3}
}


@article{Milliken1982,
  title = {Free Decay of Superfluid Turbulence},
  author = {Milliken, F. P. and Schwarz, K. W. and Smith, C. W.},
  journal = {Phys. Rev. Lett.},
  volume = {48},
  issue = {17},
  pages = {1204--1207},
  numpages = {0},
  year = {1982},
  month = {Apr},
  publisher = {American Physical Society},
  doi = {10.1103/PhysRevLett.48.1204},
  url = {https://link.aps.org/doi/10.1103/PhysRevLett.48.1204}
}

@article{DEGROOT1985445,
title = "Holographic imaging of ultrasonic standing waves in methanol, liquid nitrogen and liquid helium-II",
journal = "Physics Letters A",
volume = "112",
number = "9",
pages = "445 - 447",
year = "1985",
issn = "0375-9601",
doi = "https://doi.org/10.1016/0375-9601(85)90711-X",
url = "http://www.sciencedirect.com/science/article/pii/037596018590711X",
author = "Peter J. Degroot and Paul J. Dolan and Charles W. Smith"
}

@article{PhysRevLett.119.181303,
  title = {Dark Matter Detection Using Helium Evaporation and Field Ionization},
  author = {Maris, Humphrey J. and Seidel, George M. and Stein, Derek},
  journal = {Phys. Rev. Lett.},
  volume = {119},
  issue = {18},
  pages = {181303},
  numpages = {6},
  year = {2017},
  month = {Nov},
  publisher = {American Physical Society},
  doi = {10.1103/PhysRevLett.119.181303},
  url = {https://link.aps.org/doi/10.1103/PhysRevLett.119.181303}
}

@Article{Yang2018,
author="Yang, Y.
and Sirisky, S.
and Wei, W.
and Seidel, G. M.
and Maris, H. J.",
title="Nucleation of Bubbles by Electrons in Liquid Helium-4",
journal="Journal of Low Temperature Physics",
year="2018",
month="Jul",
day="01",
volume="192",
number="1",
pages="48--64",
issn="1573-7357",
doi="10.1007/s10909-018-1879-2",
url="https://doi.org/10.1007/s10909-018-1879-2"
}

@phdthesis{Yang2018thesis,
    title    = {Electrons and Cavitation in Liquid Helium},
    school   = {Brown University},
    author   = {Yang, Yiming},
    year     = {2018}, %other attributes omitted
}

@article{Vinen:808382,
      author        = "Vinen, W F",
      title         = "{The physics of superfluid helium}",
      year          = "2004",
      url           = "https://cds.cern.ch/record/808382",
}

@Article{Appert2003,
author="Appert, C.
and Tenaud, C.
and Chavanne, X.
and Balibar, S.
and Caupin, F.
and d'Humi{\'e}res, D.",
title="Nonlinear effects and shock formation in the focusing of a spherical acoustic wave",
journal="The European Physical Journal B - Condensed Matter and Complex Systems",
year="2003",
month="Oct",
day="01",
volume="35",
number="4",
pages="531--549",
issn="1434-6036",
doi="10.1140/epjb/e2003-00307-0",
url="https://doi.org/10.1140/epjb/e2003-00307-0"
}


@online{rotonFig,
  author = {Electron bubble laboratory group},
  title = {Rotons and Phonons},
  url = {https://www.brown.edu/research/labs/electron-bubble/home/rotons-and-phonons},
  urldate = {2018-08-27}
}

